@misc{site2011,
 author = {IC-UFF},
 title = {Monografia de Final de Curso},
 year = {2011},
 note = {Dispon\'{i}vel em \url{http://www.ic.uff.br/~professor/artigos/monografia1.pdf}}
}

@inproceedings{confnac2011,
 author = {P. Autor and S. Autor and T. Autor},
 title = {Exemplo de trabalho em confer\^encia nacional},
 booktitle = {Congresso Brasileiro de Futebol},
 pages = {95--105},
 address = {Rio de Janeiro, RJ, Brasil},
 month = {Dezembro},
 year = {2011}
}

@inproceedings{confinter2011,
 author = {P. Autor and S. Autor and T. Autor},
 title = {Exemplo de trabalho em confer\^encia internacional},
 booktitle = {{FIFA} Annual Conference},
 pages = {95--105},
 address = {Los Angeles, CA, EUA},
 month = {Dezembro},
 year = {2011}
}

@article{rev2011,
 author = {P. Autor and S. Autor and T. Autor},
 title = {Exemplo de trabalho em revista},
 journal = {Revista Brasileira de Futebol},
 volume = {53},
 number = {5},
 year = {2011},
 pages = {584--600}
}

@PhdThesis{tese2011,
 author = {O. Aluno},
 title = {Minha tese de doutorado},
 school = {Instituto de Computa\c{c}\~ao, Universidade Federal Fluminense},
 month = {Julho},
 year = {2011},
 address = {Niter\'oi, RJ, Brasil}
}
