@book{clean_arch, 
  place = {Boston}, 
  title = {Clean architecture: a craftsmans guide to software structure and design}, 
  publisher = {Prentice Hall}, 
  author = {Martin, Robert Cecil and Grenning, James and Brown, Simon}, 
  year = {2018}
  }
@book{design_patterns, 
  place={Brest}, 
  title={Design patterns}, 
  publisher={Digit Books}, 
  author={Freeman, Eric and Freeman, Elisabeth and Sierra, Kathy and Bates, Bert and Baland Marie-C\'ecile}, 
  year={2011}
  }