@book{clean_arch, 
  place = {Boston}, 
  title = {Clean architecture: a craftsmans guide to software structure and design}, 
  publisher = {Prentice Hall}, 
  author = {Martin, Robert Cecil and Grenning, James and Brown, Simon}, 
  year = {2018}
}

@book{design_patterns, 
  place={Brest}, 
  title={Padrões de Projetos: Soluções Reutilizáveis de Software Orientados a Objetos}, 
  publisher={Bookman}, 
  author={Gamma, Eric and Helm, Richard and Johnson, Ralph and Vlissedes, John}, 
  isbn= {978-85-7307-610-3},
  year={2000}
}